@book{heuser,
  title={Lehrbuch der Analysis},
  author={Heuser, H.},
  isbn={9783834807779},
  series={Mathematische Leitf{\"a}den},
  url={https://books.google.ch/books?id=CQ\_wc67PkFQC},
  year={2009},
  publisher={Vieweg+Teubner Verlag}
}

